@inproceedings{filippou2016recovery,
    title={Recovery of performance degradation in defective branch target buffers},
    author={Filippou, Filippos and Keramidas, Georgios and Mavropoulos, Michail and Nikolos, Dimitris},
    booktitle={On-Line Testing and Robust System Design (IOLTS), 2016 IEEE 22nd International Symposium on},
    pages={96--102},
    year={2016},
    organization={IEEE}
}

@book{nikolos2012architecture,
    title={\textgreek{Αρχιτεκτονική Υπολογιστών, 2η έκδοση}},
    author={\textgreek{Δ. Νικολός}},
    year={2012},
    publisher={\textgreek{Δημήτριος Β. Νικολός}}
}

@inproceedings{saini1993design,
    title={Design of the Intel Pentium processor},
    author={Saini, Avtar},
    booktitle={Computer Design: VLSI in Computers and Processors, 1993. ICCD'93. Proceedings., 1993 IEEE International Conference on},
    pages={258--261},
    year={1993},
    organization={IEEE}
}

@inproceedings{sendag2002effect,
    title={The effect of executing mispredicted load instructions on speculative multithreaded architecture},
    author={Sendag, Resit and Chen, Ying and Lilja, D},
    booktitle={Workshop on Multi-threaded Execution, Architecture and Compilation},
    year={2002},
    organization={Citeseer}
}

@inproceedings{bird2007performance,
    title={Performance characterization of spec cpu benchmarks on intel’s core microarchitecture based processor},
    author={Bird, Sarah and Phansalkar, Aashish and John, Lizy K and Mericas, Alex and Indukuru, Rajeev},
    booktitle={SPEC Benchmark Workshop},
    pages={1--7},
    year={2007}
}

@inproceedings{smith1981study,
    title={A study of branch prediction strategies},
    author={Smith, James E},
    booktitle={Proceedings of the 8th annual symposium on Computer Architecture},
    pages={135--148},
    year={1981},
    organization={IEEE Computer Society Press}
}

@inproceedings{pan1992improving,
    title = {Improving the Accuracy of Dynamic Branch Prediction Using Branch Correlation},
    author = {Pan, Shien-Tai and So, Kimming and Rahmeh, Joseph T.},
    booktitle = {Proceedings of the Fifth International Conference on Architectural Support for Programming Languages and Operating Systems},
    series = {ASPLOS V},
    year = {1992},
    pages = {76--84},
    numpages = {9},
    publisher = {ACM},
} 

@inproceedings{quinones2007improving,
    title={Improving branch prediction and predicated execution in out-of-order processors},
    author={Quinones, Eduardo and Parcerisa, Joan-Manuel and Gonzailez, Antonio},
    booktitle={High Performance Computer Architecture, 2007. HPCA 2007. IEEE 13th International Symposium on},
    pages={75--84},
    year={2007},
    organization={IEEE}
}

@inproceedings{bray1991strategies,
    title={Strategies for branch target buffers},
    author={Bray, Brian K and Flynn, Michael J},
    booktitle={Proceedings of the 24th annual international symposium on Microarchitecture},
    pages={42--50},
    year={1991},
    organization={ACM}
}

@article{perleberg1993branch,
    title={Branch target buffer design and optimization},
    author={Perleberg, Chris H and Smith, Alan Jay},
    journal={IEEE transactions on computers},
    volume={42},
    number={4},
    pages={396--412},
    year={1993},
    publisher={IEEE}
}

@misc{cummins2001branch,
    title={Branch prediction mechanism},
    author={Cummins, Sean P and Munson, Kenneth K},
    year={2001},
    month=jul # "~17",
    publisher={Google Patents},
    note={US Patent 6,263,427}
}

@inproceedings{kessler1998alpha,
    title={The Alpha 21264 microprocessor architecture},
    author={Kessler, Richard E and McLellan, Edward J and Webb, David A},
    booktitle={Computer Design: VLSI in Computers and Processors, 1998. ICCD'98. Proceedings. International Conference on},
    pages={90--95},
    year={1998},
    organization={IEEE}
}

@misc{price1995mips,
    title={MIPS IV instruction set},
    author={Price, Charles},
    year={1995},
    publisher={MIPS Technologies, Inc., Rev}
}

@inproceedings{sudarshan2004highly,
    title={Highly efficient LRU implementations for high associativity cache memory},
    author={Sudarshan, TSB and Mir, Rahil Abbas and Vijayalakshmi, S},
    booktitle={Proceedings of 12th IEEE International Conference on Advanced Computing and Communications},
    pages={24--35},
    year={2004}
}

@inproceedings{al2004performance,
    title={Performance evaluation of cache replacement policies for the SPEC CPU2000 benchmark suite},
    author={Al-Zoubi, Hussein and Milenkovic, Aleksandar and Milenkovic, Milena},
    booktitle={Proceedings of the 42nd annual Southeast regional conference},
    pages={267--272},
    year={2004},
    organization={ACM}
}

@misc{Lee2003ExploitingCT,
    title={Exploiting Criticality to Reduce Branch Misprediction Penalties},
    author={Tim Lee and Jim Chen and John Kubiatowicz},
    year={2003}
}

@inproceedings{eyerman2006characterizing,
    title={Characterizing the branch misprediction penalty},
    author={Eyerman, Stijn and Smith, James E and Eeckhout, Lieven},
    booktitle={Performance Analysis of Systems and Software, 2006 IEEE International Symposium on},
    pages={48--58},
    year={2006},
    organization={IEEE}
}

@article{moore2006progress,
    title={Progress in digital integrated electronics [Technical literaiture, copyright 1975 IEEE. reprinted, with permission. technical digest. international electron devices meeting, IEEE, 1975, pp. 11-13.]},
    author={Moore, Gordon E},
    journal={IEEE Solid-State Circuits Society Newsletter},
    volume={20},
    number={3},
    year={2006},
    publisher={IEEE}
}

@inproceedings{moore2003no,
    title={No exponential is forever: but" Forever" can be delayed![semiconductor industry]},
    author={Moore, Gordon E},
    booktitle={Solid-State Circuits Conference, 2003. Digest of Technical Papers. ISSCC. 2003 IEEE International},
    pages={20--23},
    year={2003},
    organization={IEEE}
}

@article{courtland2017moore,
    title={Moore's law's next step: 10 nanometers},
    author={Courtland, Rachel},
    journal={IEEE Spectrum},
    volume={54},
    number={1},
    pages={52--53},
    year={2017},
    publisher={IEEE}
}

@article{dreslinski2010near,
    title={Near-threshold computing: Reclaiming moore's law through energy efficient integrated circuits},
    author={Dreslinski, Ronald G and Wieckowski, Michael and Blaauw, David and Sylvester, Dennis and Mudge, Trevor},
    journal={Proceedings of the IEEE},
    volume={98},
    number={2},
    pages={253--266},
    year={2010},
    publisher={Institute of Electrical and Electronics Engineers, Inc., 345 E. 47 th St. NY NY 10017-2394 USA}
}

@inproceedings{pinckney2012assessing,
    title={Assessing the performance limits of parallelized near-threshold computing},
    author={Pinckney, Nathaniel and Sewell, Korey and Dreslinski, Ronald G and Fick, David and Mudge, Trevor and Sylvester, Dennis and Blaauw, David},
    booktitle={Design Automation Conference (DAC), 2012 49th ACM/EDAC/IEEE},
    pages={1143--1148},
    year={2012},
    organization={IEEE}
}

@article{zhai2009energy,
    title={Energy-efficient subthreshold processor design},
    author={Zhai, Bo and Pant, Sanjay and Nazhandali, Leyla and Hanson, Scott and Olson, Javin and Reeves, Anna and Minuth, Michael and Helfand, Ryan and Austin, Todd and Sylvester, Dennis and others},
    journal={IEEE Transactions on Very Large Scale Integration (VLSI) Systems},
    volume={17},
    number={8},
    pages={1127--1137},
    year={2009},
    publisher={IEEE}
}

@inproceedings{lorente2014analyzing,
    title={Analyzing the optimal voltage/frequency pair in fault-tolerant caches},
    author={Lorente, Vicente and Valero, Alejandro and Petit, Salvador and Foglia, Pierfrancesco and Sahuquillo, Julio},
    booktitle={High Performance Computing and Communications, 2014 IEEE 6th Intl Symp on Cyberspace Safety and Security, 2014 IEEE 11th Intl Conf on Embedded Software and Syst (HPCC, CSS, ICESS), 2014 IEEE Intl Conf on},
    pages={19--26},
    year={2014},
    organization={IEEE}
}

@article{de2016near,
    title={Near Threshold Voltage (NTV) Computing},
    author={De, Vivek and Vangal, Sriram and Krishnamurthy, Ram},
    journal={IEEE Design \& Test},
    year={2016},
    publisher={IEEE}
}

@inproceedings{nassif2010resilience,
    title={A resilience roadmap},
    author={Nassif, Sani R and Mehta, Nikil and Cao, Yu},
    booktitle={Design, Automation \& Test in Europe Conference \& Exhibition (DATE), 2010},
    pages={1011--1016},
    year={2010},
    organization={IEEE}
}

@inproceedings{gottscho2014power,
    title={Power/capacity scaling: Energy savings with simple fault-tolerant caches},
    author={Gottscho, Mark and BanaiyanMofrad, Abbas and Dutt, Nikil and Nicolau, Alex and Gupta, Puneet},
    booktitle={Proceedings of the 51st Annual Design Automation Conference},
    pages={1--6},
    year={2014},
    organization={ACM}
}

@inproceedings{ferreron2014block,
    title={Block disabling characterization and improvements in CMPs operating at ultra-low voltages},
    author={Ferrer{\'o}n, Alexandra and Suarez-Gracia, Dario and Alastruey-Bened{\'e}, Jes{\'u}s and Monreal, Teresa and Vi{\~n}als, V{\'\i}ctor},
    booktitle={Computer Architecture and High Performance Computing (SBAC-PAD), 2014 IEEE 26th International Symposium on},
    pages={238--245},
    year={2014},
    organization={IEEE}
}

@misc{nikolosTesting,
    title={\textgreek{Έλεγχος Ορθής Λειτουργίας Ψηφιακών Συστημάτων και Σχεδίαση για Εύκολο Έλεγχο}},
    author={\textgreek{Δ. Νικολός}},
    note={\textgreek{Πανεπιστημιακές Σημειώσεις}}
}

@inproceedings{wilkerson2008trading,
    title={Trading off cache capacity for reliability to enable low voltage operation},
    author={Wilkerson, Chris and Gao, Hongliang and Alameldeen, Alaa R and Chishti, Zeshan and Khellah, Muhammad and Lu, Shih-Lien},
    booktitle={Computer Architecture, 2008. ISCA'08. 35th International Symposium on},
    pages={203--214},
    year={2008},
    organization={IEEE}
}

@book{koren2010fault,
    title={Fault-tolerant systems},
    author={Koren, Israel and Krishna, C Mani},
    year={2010},
    publisher={Morgan Kaufmann}
}

@inproceedings{shirvani1999padded,
    title={PADded cache: A new fault-tolerance technique for cache memories},
    author={Shirvani, Philip P and McCluskey, Edward J},
    booktitle={VLSI Test Symposium, 1999. Proceedings. 17th IEEE},
    pages={440--445},
    year={1999},
    organization={IEEE}
}

@inproceedings{ansari2009zerehcache,
    title={Zerehcache: Armoring cache architectures in high defect density technologies},
    author={Ansari, Amin and Gupta, Shantanu and Feng, Shuguang and Mahlke, Scott},
    booktitle={Microarchitecture, 2009. MICRO-42. 42nd Annual IEEE/ACM International Symposium on},
    pages={100--110},
    year={2009},
    organization={IEEE}
}

@inproceedings{koh2009salvage,
    title={The Salvage Cache: A fault-tolerant cache architecture for next-generation memory technologies},
    author={Koh, Cheng-Kok and Wong, Weng-Fai and Chen, Yiran and Li, Hai},
    booktitle={Computer Design, 2009. ICCD 2009. IEEE International Conference on},
    pages={268--274},
    year={2009},
    organization={IEEE}
}

@article{lee2011defcam,
    title={DEFCAM: A design and evaluation framework for defect-tolerant cache memories},
    author={Lee, Hyunjin and Cho, Sangyeun and Childers, Bruce R},
    journal={ACM Transactions on Architecture and Code Optimization (TACO)},
    volume={8},
    number={3},
    pages={17},
    year={2011},
    publisher={ACM}
}

@inproceedings{choi2011matching,
    title={Matching cache access behavior and bit error pattern for high performance low Vcc L1 cache},
    author={Choi, Young Geun and Yoo, Sungjoo and Lee, Sunggu and Ahn, Jung Ho},
    booktitle={Proceedings of the 48th Design Automation Conference},
    pages={978--983},
    year={2011},
    organization={ACM}
}

@inproceedings{keramidas2014spatial,
    title={Spatial pattern prediction based management of faulty data caches},
    author={Keramidas, Georgios and Mavropoulos, Michail and Karvouniari, Anna and Nikolos, Dimitris},
    booktitle={Proceedings of the conference on Design, Automation \& Test in Europe},
    pages={60},
    year={2014},
    organization={European Design and Automation Association}
}

@inproceedings{mavropoulos2015defect,
    title={A defect-aware reconfigurable cache architecture for low-vccmin DVFS-enabled systems},
    author={Mavropoulos, Michail and Keramidas, Georgios and Nikolos, Dimitris},
    booktitle={Proceedings of the 2015 Design, Automation \& Test in Europe Conference \& Exhibition},
    pages={417--422},
    year={2015},
    organization={EDA Consortium}
}

@inproceedings{sanchez2011analytical,
    title={An analytical model for the calculation of the expected miss ratio in faulty caches},
    author={S{\'a}nchez, Daniel and Sazeides, Yiannakis and Arag{\'o}n, Juan L and Garc{\'\i}a, Jos{\'o} M},
    booktitle={On-Line Testing Symposium (IOLTS), 2011 IEEE 17th International},
    pages={252--257},
    year={2011},
    organization={IEEE}
}

@inproceedings{hsieh2009tolerance,
    title={Tolerance of performance degrading faults for effective yield improvement},
    author={Hsieh, Tong-Yu and Breuer, Melvin A and Annavaram, Murali and Gupta, Sandeep K and Lee, Kuen-Jong},
    booktitle={Test Conference, 2009. ITC 2009. International},
    pages={1--10},
    year={2009},
    organization={IEEE}
}

@inproceedings{hardy2012performance,
    title={The performance vulnerability of architectural and non-architectural arrays to permanent faults},
    author={Hardy, Damien and Sideris, Isidoros and Ladas, Nikolas and Sazeides, Yiannakis},
    booktitle={Microarchitecture (MICRO), 2012 45th Annual IEEE/ACM International Symposium on},
    pages={48--59},
    year={2012},
    organization={IEEE}
}

@inproceedings{foutris2013ssing,
    title={Assessing the impact of hard faults in performance components of modern microprocessors},
    author={Foutris, Nikos and Gizopoulos, Dimitris and Kalamatianos, John and Sridharan, Vilas},
    booktitle={Computer Design (ICCD), 2013 IEEE 31st International Conference on},
    pages={207--214},
    year={2013},
    organization={IEEE}
}

@article{hsiao1975orthogonal,
    title={Orthogonal latin square configuration for LSI memory yield and reliability enhancement},
    author={Hsiao, Mu Y. and Bossen, Douglas C.},
    journal={IEEE Transactions on Computers},
    volume={100},
    number={5},
    pages={512--516},
    year={1975},
    publisher={IEEE}
}

@article{bossen1984fault,
    title={Fault alignment exclusion for memory using address permutation},
    author={Bossen, Douglas C. and Chen, Chin Long and Hsiao, M. Y.},
    journal={IBM journal of research and development},
    volume={28},
    number={2},
    pages={170--176},
    year={1984},
    publisher={IBM}
}

@article{release2013mathworks,
    title={The MathWorks},
    author={Release, MATLAB},
    journal={Inc., Natick, Massachusetts, United States},
    volume={488},
    year={2013}
}

@article{binkert2011gem5,
    title={The gem5 simulator},
    author={Binkert, Nathan and Beckmann, Bradford and Black, Gabriel and Reinhardt, Steven K and Saidi, Ali and Basu, Arkaprava and Hestness, Joel and Hower, Derek R and Krishna, Tushar and Sardashti, Somayeh and others},
    journal={ACM SIGARCH Computer Architecture News},
    volume={39},
    number={2},
    pages={1--7},
    year={2011},
    publisher={ACM}
}

@article{henning2006spec,
    title={SPEC CPU2006 benchmark descriptions},
    author={Henning, John L},
    journal={ACM SIGARCH Computer Architecture News},
    volume={34},
    number={4},
    pages={1--17},
    year={2006},
    publisher={ACM}
}

@inproceedings{li2009mcpat,
    title={McPAT: an integrated power, area, and timing modeling framework for multicore and manycore architectures},
    author={Li, Sheng and Ahn, Jung Ho and Strong, Richard D and Brockman, Jay B and Tullsen, Dean M and Jouppi, Norman P},
    booktitle={Microarchitecture, 2009. MICRO-42. 42nd Annual IEEE/ACM International Symposium on},
    pages={469--480},
    year={2009},
    organization={IEEE}
}

@article{muralimanohar2009cacti,
    title={CACTI 6.0: A tool to model large caches},
    author={Muralimanohar, Naveen and Balasubramonian, Rajeev and Jouppi, Norman P},
    journal={HP Laboratories},
    pages={22--31},
    year={2009}
}
